@article{jang1993anfis,
  title={ANFIS: adaptive-network-based fuzzy inference system},
  author={Jang, J-SR},
  journal={IEEE transactions on systems, man, and cybernetics},
  volume={23},
  number={3},
  pages={665--685},
  year={1993},
  publisher={IEEE}
}

@article{turk1991eigenfaces,
  title={Eigenfaces for recognition},
  author={Turk, Matthew and Pentland, Alex},
  journal={Journal of cognitive neuroscience},
  volume={3},
  number={1},
  pages={71--86},
  year={1991},
  publisher={MIT Press One Rogers Street, Cambridge, MA 02142-1209, USA journals-info~â€¦}
}

@article{dorigo1996ant,
  title={Ant system: optimization by a colony of cooperating agents},
  author={Dorigo, Marco and Maniezzo, Vittorio and Colorni, Alberto},
  journal={IEEE transactions on systems, man, and cybernetics, part b (cybernetics)},
  volume={26},
  number={1},
  pages={29--41},
  year={1996},
  publisher={Ieee}
}

@inproceedings{sattler2019understanding,
  title={Understanding the limitations of cnn-based absolute camera pose regression},
  author={Sattler, Torsten and Zhou, Qunjie and Pollefeys, Marc and Leal-Taixe, Laura},
  booktitle={Proceedings of the IEEE/CVF conference on computer vision and pattern recognition},
  pages={3302--3312},
  year={2019}
}

@inproceedings{zhao2024aloha,
  title={Aloha unleashed: A simple recipe for robot dexterity},
  author={Zhao, Tony Z and Tompson, Jonathan and Driess, Danny and Florence, Pete and Ghasemipour, Seyed Kamyar Seyed and Finn, Chelsea and Wahid, Ayzaan},
  booktitle={8th Annual Conference on Robot Learning},
  year={2024}
}

@article{ze20243d,
  title={3d diffusion policy},
  author={Ze, Yanjie and Zhang, Gu and Zhang, Kangning and Hu, Chenyuan and Wang, Muhan and Xu, Huazhe},
  journal={arXiv preprint arXiv:2403.03954},
  year={2024}
}

@article{ke20243d,
  title={3d diffuser actor: Policy diffusion with 3d scene representations},
  author={Ke, Tsung-Wei and Gkanatsios, Nikolaos and Fragkiadaki, Katerina},
  journal={arXiv preprint arXiv:2402.10885},
  year={2024}
}

@inproceedings{longhinicloth,
  title={Cloth-Splatting: 3D Cloth State Estimation from RGB Supervision},
  author={Longhini, Alberta and B{\"u}sching, Marcel and Duisterhof, Bardienus Pieter and Lundell, Jens and Ichnowski, Jeffrey and Bj{\"o}rkman, M{\aa}rten and Kragic, Danica},
  booktitle={8th Annual Conference on Robot Learning},
  year={2024}
}