@misc{kumar2021rma,
    title={RMA: Rapid Motor Adaptation for Legged Robots},
    author={Ashish Kumar and Zipeng Fu and Deepak Pathak and Jitendra Malik},
    year={2021},
    eprint={2107.04034},
    archivePrefix={arXiv},
    primaryClass={cs.RO}
}

@misc{chen2024trakdis,
    title={TraKDis: A Transformer-based Knowledge Distillation Approach for Visual Reinforcement Learning with Application to Cloth Manipulation},
    author={Wei Chen and Nicolas Rojas},
    year={2024},
    eprint={2401.13398},
    archivePrefix={arXiv},
    primaryClass={cs.RO}
}

@misc{salhotra2022learning,
    title={Learning Deformable Object Manipulation from Expert Demonstrations},
    author={Gautam Salhotra and I-Chun Arthur Liu and Marcus Dominguez-Kuhne and Gaurav S. Sukhatme},
    year={2022},
    eprint={2207.09859},
    archivePrefix={arXiv},
    primaryClass={cs.RO}
}

@article{lin2021softgym,
  author  = {Lin, Xingyu and Wang, Yufei and Olkin, Jake and Held, David},
  title   = {SoftGym: Benchmarking Deep Reinforcement Learning for Deformable Object Manipulation},
  journal = {arXiv preprint arXiv:2011.07215},
  year    = {2021},
  eprint  = {2011.07215},
  archivePrefix = {arXiv},
  primaryClass = {cs.RO}
}

@article{chi2023diffusionpolicy,
  author  = {Chi, Cheng and Feng, Siyuan and Du, Yilun and Xu, Zhenjia and Cousineau, Eric and Burchfiel, Benjamin and Song, Shuran},
  title   = {Diffusion Policy: Visuomotor Policy Learning via Action Diffusion},
  journal = {arXiv preprint arXiv:2303.04137},
  year    = {2023},
  eprint  = {2303.04137},
  archivePrefix = {arXiv},
  primaryClass = {cs.LG},
  note    = {Version 4, revised 1 Jun 2023}
}
